<collection xmlns="http://www.loc.gov/MARC21/slim"><record><leader>00687nam  2200205   450</leader><controlfield tag="001">61</controlfield><controlfield tag="003">http://montalegre.opacnet.com/OPAC/default.aspx?ContentAreaControl=ShowRegHoldings.ascx&amp;RegNo=16662</controlfield><datafield tag="095" ind1=" " ind2=" "><subfield code="a">PTBN00546981</subfield></datafield><datafield tag="100" ind1=" " ind2=" "><subfield code="a">19940129d1958    m  y0pory010305  ba</subfield></datafield><datafield tag="101" ind1="1" ind2=" "><subfield code="a">por</subfield><subfield code="c">fre</subfield></datafield><datafield tag="102" ind1=" " ind2=" "><subfield code="a">PT</subfield></datafield><datafield tag="200" ind1="1" ind2=" "><subfield code="a">&lt;A &gt;rapariga dos olhos de ouro</subfield><subfield code="f">Honoré de Balzac</subfield><subfield code="g">trad. Domingues Monteiro</subfield></datafield><datafield tag="210" ind1=" " ind2=" "><subfield code="a">Lisboa</subfield><subfield code="c">Arcádia</subfield><subfield code="d">1958</subfield></datafield><datafield tag="215" ind1=" " ind2=" "><subfield code="a">150, 2 p.</subfield><subfield code="d">19 cm</subfield></datafield><datafield tag="225" ind1="2" ind2=" "><subfield code="a">Autores estrangeiros</subfield><subfield code="v">4</subfield></datafield><datafield tag="304" ind1=" " ind2=" "><subfield code="a">Tit. orig.: La jeune fille aux yeux d'or</subfield></datafield><datafield tag="675" ind1=" " ind2=" "><subfield code="a">821</subfield><subfield code="v">bn</subfield><subfield code="z">por</subfield></datafield><datafield tag="700" ind1=" " ind2="1"><subfield code="a">Balzac</subfield><subfield code="b">Honoré de</subfield><subfield code="f">1799-1850</subfield></datafield><datafield tag="702" ind1=" " ind2="1"><subfield code="a">Monteiro</subfield><subfield code="b">Domingos</subfield><subfield code="f">1903-1980</subfield><subfield code="4">730</subfield></datafield><datafield tag="801" ind1=" " ind2="0"><subfield code="a">PT</subfield><subfield code="b">Biblioteca Municipal de Montalegre</subfield><subfield code="g">RPC</subfield></datafield><datafield tag="909" ind1="&#9;" ind2=" "><subfield code="a">1</subfield></datafield><datafield tag="966" ind1=" " ind2=" "><subfield code="a">0008116</subfield><subfield code="l">BMM</subfield><subfield code="s">SCG 821 BAL rap</subfield></datafield></record></collection>